@PREAMBLE{
 "\providecommand{\noopsort}[1]{}"
 # "\providecommand{\singleletter}[1]{#1}%"
}

@article{Dubovsky:2012wk,
          author         = "Dubovsky, Sergei and Flauger, Raphael and Gorbenko,
                            Victor",
          title          = "{Solving the Simplest Theory of Quantum Gravity}",
          journal        = "JHEP",
          volume         = "1209",
          pages          = "133",
          doi            = "10.1007/JHEP09(2012)133",
          year           = "2012",
          eprint         = "1205.6805",
          archivePrefix  = "arXiv",
          primaryClass   = "hep-th",
          SLACcitation   = "%%CITATION = ARXIV:1205.6805;%%",
}

@article{Zamolodchikov:1991vx,
          author         = "Zamolodchikov, A.B.",
          title          = "{From tricritical Ising to critical Ising by
                           thermodynamic Bethe ansatz}",
          journal        = "Nucl.Phys.",
          volume         = "B358",
          pages          = "524-546",
          doi            = "10.1016/0550-3213(91)90423-U",
          year           = "1991",
          reportNumber   = "ENS-LPS-327-1991",
          SLACcitation   = "%%CITATION = NUPHA,B358,524;%%",
}

@article{Zamolodchikov:1989cf,
          author         = "Zamolodchikov, A.B.",
          title          = "{THERMODYNAMIC BETHE ANSATZ IN RELATIVISTIC MODELS.
                           SCALING THREE STATE POTTS AND LEE-YANG MODELS}",
          journal        = "Nucl.Phys.",
          volume         = "B342",
          pages          = "695-720",
          doi            = "10.1016/0550-3213(90)90333-9",
          year           = "1990",
          reportNumber   = "ITEP-89-144",
          SLACcitation   = "%%CITATION = NUPHA,B342,695;%%",
}

@article{Adams:2006sv,
          author         = "Adams, Allan and Arkani-Hamed, Nima and Dubovsky, Sergei
                           and Nicolis, Alberto and Rattazzi, Riccardo",
          title          = "{Causality, analyticity and an IR obstruction to UV
                           completion}",
          journal        = "JHEP",
          volume         = "0610",
          pages          = "014",
          doi            = "10.1088/1126-6708/2006/10/014",
          year           = "2006",
          eprint         = "hep-th/0602178",
          archivePrefix  = "arXiv",
          primaryClass   = "hep-th",
          reportNumber   = "CERN-PH-TH-2006-033, HUTP-06-A0005",
          SLACcitation   = "%%CITATION = HEP-TH/0602178;%%",
}

